@misc{visual-studio,
  title = {IDE Visual Studio 2019},
  note = {(дата обращения: 11.09.2020)},
  url = {https://visualstudio.microsoft.com/ru/vs/}
}

@misc{visual-studio-code,
  title        = {Visual Studio Code - Code Editing},
  url          = {https://code.visualstudio.com},
  note         = {(дата обращения: 01.10.2020)}
}

@misc{python,
  title        = {Python},
  url          = {https://www.python.org/},
  note         = {(дата обращения: 01.10.2020)}
}

@misc{go,
  title        = {Go},
  url          = {https://golang.org/},
  note         = {(дата обращения: 01.10.2020)}
}

@misc{go-concurrency,
  title        = {A Tour of Go. Concurrency},
  url          = {https://tour.golang.org/concurrency/1},
  note         = {(дата обращения: 01.10.2020)}
}


@misc{processor-i5-7200u,
  title        = {Intel® Core™ i5-7200U Processor},
  url          = {https://www.intel.com/content/www/us/en/products/processors/core/i5-processors/i5-7200u.html},
  note         = {(дата обращения: 26.09.2020)}
}

@misc{process_time,
  title        = {Process time},
  url          = {https://docs-python.ru/standart-library/modul-time-python/funktsija-process-time-modulja-time},
  note         = {(дата обращения: 01.10.2020)}
}

@misc{totalview,
  title        = {TotalView},
  url          = {https://totalview.io/products/totalview},
  note         = {(дата обращения: 28.11.2020)}
}

@misc{problem-producer-consumer,
  title        = {Синхронизация потоков. Проблема производителя и потребителя.},
  url          = {https://moodle.kstu.ru/mod/page/view.php?id=9274},
  note         = {(дата обращения: 28.11.2020)}
}

@misc{typical-models-parallel-applications,
  title        = {Типовые модели параллельных приложений},
  url          = {https://intuit.ru/studies/courses/5938/1074/lecture/16465?page=3},
  note         = {(дата обращения: 28.11.2020)}
}
