@misc{visual-studio,
  title = {IDE Visual Studio 2019},
  note = {(дата обращения: 11.09.2020)},
  url = {https://visualstudio.microsoft.com/ru/vs/}
}

@misc{visual-studio-code,
  title        = {Visual Studio Code - Code Editing},
  url          = {https://code.visualstudio.com},
  note         = {(дата обращения: 01.10.2020)}
}

@misc{python,
  title        = {Python},
  url          = {https://www.python.org/},
  note         = {(дата обращения: 01.10.2020)}
}

@misc{processor-i5-7200u,
  title        = {Intel® Core™ i5-7200U Processor},
  url          = {https://www.intel.com/content/www/us/en/products/processors/core/i5-processors/i5-7200u.html},
  note         = {(дата обращения: 26.09.2020)}
}

@misc{process_time,
  title        = {Process time},
  url          = {https://docs-python.ru/standart-library/modul-time-python/funktsija-process-time-modulja-time},
  note         = {(дата обращения: 01.10.2020)}
}

@misc{jupyter-notebook,
  author       = {Jupyter Notebook},
  url          = {https://jupyter.org/},
  note         = {(дата обращения: 01.10.2020)}
}