@misc{visual-studio,
  author = {Microsoft},
  title = {IDE Visual Studio 2019},
  year = {2020},
  note = {Last accessed 11 September 2020},
  url = {https://visualstudio.microsoft.com/ru/vs/}
}